@website{Air-Powered Soft Robot Gripper,
  link=https://www.instructables.com/id/Air-Powered-Soft-Robotic-Gripper/

}